<?xml version="1.0" encoding="UTF-8"?><collection><record><leader>06679ntm a2200733 a 4500</leader><controlfield tag="001">006833618</controlfield><controlfield tag="003">MiAaHDL</controlfield><controlfield tag="005">20190719000000.0</controlfield><controlfield tag="006">m        d        </controlfield><controlfield tag="007">cr bn ---auaua</controlfield><controlfield tag="008">090701s193u    xx            00| ||ara d</controlfield><datafield tag="035" ind1=" " ind2=" "><subfield code="a">(MiU)006833618</subfield></datafield><datafield tag="035" ind1=" " ind2=" "><subfield code="a">sdr-miu006833618</subfield></datafield><datafield tag="040" ind1=" " ind2=" "><subfield code="a">MiU</subfield><subfield code="c">MiU</subfield><subfield code="e">amremm</subfield></datafield><datafield tag="043" ind1=" " ind2=" "><subfield code="a">n-us-mi</subfield></datafield><datafield tag="100" ind1="1" ind2=" "><subfield code="6">880-01</subfield><subfield code="a">Ibn al-Fāriḍ, ʻUmar ibn ʻAlī,</subfield><subfield code="d">1181 or 1182-1235.</subfield></datafield><datafield tag="240" ind1="1" ind2="0"><subfield code="6">880-02</subfield><subfield code="a">Dīwān.</subfield><subfield code="k">Selections</subfield></datafield><datafield tag="245" ind1="1" ind2="0"><subfield code="6">880-03</subfield><subfield code="a">Qiṭaʻ min Dīwān Ibn al-Fāriḍ wa-al-Tāʼīyah al-kubrá wa-al-Burdah,</subfield><subfield code="f">[193-?].</subfield></datafield><datafield tag="246" ind1="3" ind2="8"><subfield code="a">ذكر اهل السلوك تائية ابن الفارض</subfield></datafield><datafield tag="246" ind1="3" ind2=" "><subfield code="i">Title from inscription on verso of front flyleaf:</subfield><subfield code="a">تائية بن الفارض</subfield></datafield><datafield tag="260" ind1=" " ind2=" "><subfield code="c">[193-?].</subfield></datafield><datafield tag="300" ind1=" " ind2=" "><subfield code="a">42 leaves :</subfield><subfield code="b">paper ;</subfield><subfield code="c">202 x 130 mm. bound to 210 x 138 mm.</subfield></datafield><datafield tag="500" ind1=" " ind2=" "><subfield code="a">Shelfmark: Ann Arbor, University of Michigan, Special Collections Library, Isl. Ms. 983</subfield></datafield><datafield tag="500" ind1=" " ind2=" "><subfield code="a">Origin: Lacks dated colophon ; likely copied in Egypt in the late 1930s and bound for James Heyworth-Dunne (d.1974).</subfield></datafield><datafield tag="500" ind1=" " ind2=" "><subfield code="a">Former shelfmark: Mich. Isl. Ms. temp. no. 132</subfield></datafield><datafield tag="500" ind1=" " ind2=" "><subfield code="a">Binding: Boards covered in textured black cloth with black leather over spine (quarter binding) ; pastedowns and flyleaves in wove paper printed with a floral vegetal pattern in pink and green ; spine gold-stamped with title and decorative accents over raised bands "ذكر اهل السلوك تائية ابن الفارض" ; sewn in white thread over two recessed cords ; overall in fairly good condition.</subfield></datafield><datafield tag="500" ind1=" " ind2=" "><subfield code="a">Support: Machine wove and laid papers of several different types ; opening type (through p.32) machine wove with watermark "Alex. Pirie &amp; Sons | EXTRA STRONG" (see pp.2, 4, etc. and pp.66, 68), grayish in color ; next type (through pp.33-52) machine laid, sturdy, beige in color, no watermarks visible ; next another machine laid type with watermark "PAPETERIE DE RENAGE" (see pp.53-54, 63-64) ; finally two machine wove types, sturdy and beige in color (see pp.55-62, 69 to close).</subfield></datafield><datafield tag="500" ind1=" " ind2=" "><subfield code="a">Decoration: Section headings and occasionally whole passages of text rubricated ; others in blue ink.</subfield></datafield><datafield tag="500" ind1=" " ind2=" "><subfield code="a">Script: Naskh with influence of ruqʻah ; compact, modern hand in a thin to medium line ; partially but irregularly seriffed with right-sloping head-serif on occasional lām, slight effect of tilt to the left, curvilinear descenders, open and closed counters, pointing somewhat in strokes rather than distinct dots, final yāʼ usually unpointed.</subfield></datafield><datafield tag="500" ind1=" " ind2=" "><subfield code="a">Layout: Written in 17-23 lines per page with written area divided to two columns.</subfield></datafield><datafield tag="500" ind1=" " ind2=" "><subfield code="a">Collation: i, 2 IV(16), V (26), III (32), I (34), IV (42), i ; pagination in black and red ink, Hind-Arabic numerals, first and second works (through page ١٤ of second work) ; pagination in pencil, Western numerals, supplied during digitization.</subfield></datafield><datafield tag="500" ind1=" " ind2=" "><subfield code="a">Explicit: [Qiṭaʻ min Dīwān Ibn al-Fāriḍ] "للماه عدت ظما كأصدى وارد منع الفرات وكنت اروى صادر" ; [al-Tāʼīyah al-kubrá] "من فضل ما اسارت شرب معاصري ومن كان قبلي فالفضائل فضلتي" ; [al-Burdah] "ما رنحت عذبات البان ريح صبا واطرب العيس حادي العيس بالنغم"</subfield></datafield><datafield tag="500" ind1=" " ind2=" "><subfield code="a">Incipit: [Qiṭaʻ min Dīwān Ibn al-Fāriḍ] "قصيدة لسبط الناظم عمر بن الفارض ضمنها ستة ابيات لجده قالها عند وفاته وهي من اشهر اشعاره نشرت في موكب العشاق اعلامي وكان قبلي بلى في الحب اعلامي ..." ; [al-Tāʼīyah al-kubrá] "سقتني حميا الحب راحة مقتلي وكأسي محيا من عن الحسن جلت ..." ; [al-Burdah] "الحمد لله منشئ الخلق من عدم ثم الصلاة على الختار في القدم آمن تذكر جيران بذي سلم مزجت ومعا جرى من مقلة بدم..."</subfield></datafield><datafield tag="500" ind1=" " ind2=" "><subfield code="a">Title from inscription on 'title page' (p.1).</subfield></datafield><datafield tag="500" ind1=" " ind2=" "><subfield code="a">Ms. codex.</subfield></datafield><datafield tag="505" ind1="0" ind2=" "><subfield code="a">4. p.71-p.83 : al-Qaṣīdah al-maʻrūfah bi-al-Burdah / Sharaf al-Dīn Muḥammad ibn Saʻīd al-Būṣīrī.</subfield></datafield><datafield tag="505" ind1="0" ind2=" "><subfield code="a">3. p.69-p.70 : [assorted excerpts].</subfield></datafield><datafield tag="505" ind1="0" ind2=" "><subfield code="a">2. p.33-p.68 : al-Tāʼīyah al-Fāriḍīyah al-kubrá / ʻUmar ibn ʻAlī Ibn al-Fāriḍ.</subfield></datafield><datafield tag="505" ind1="0" ind2=" "><subfield code="a">1. p.1-p.32 : Qiṭaʻ min Dīwān Ibn al-Fāriḍ / ʻUmar ibn ʻAlī Ibn al-Fāriḍ.</subfield></datafield><datafield tag="510" ind1="4" ind2=" "><subfield code="a">Brockelmann, C. GAL,</subfield><subfield code="c">I 264</subfield></datafield><datafield tag="510" ind1="4" ind2=" "><subfield code="a">Brockelmann, C. GAL,</subfield><subfield code="c">I 262 ; S I 462 ff.</subfield></datafield><datafield tag="520" ind1="8" ind2=" "><subfield code="a">Carefully copied collection (majmūʻah) of poetic works opening with selections from the Dīwān of Ibn al-Fāriḍ (d.1235), followed by his celebrated Ṣūfī poem in tāʼ, Naẓm al-sulūk or al-Tāʼīyah al-kubrá and closing with al-Būṣīrī’s (d.1296?) celebrated poem in praise of the Prophet, al-Kawākib al-durrīyah fī madḥ khayr al-barīyah or Qaṣīdat al-Burdah.</subfield></datafield><datafield tag="538" ind1=" " ind2=" "><subfield code="a">Mode of access: Internet.</subfield></datafield><datafield tag="541" ind1=" " ind2=" "><subfield code="a">Acquired in the Fall of 1950.</subfield></datafield><datafield tag="546" ind1=" " ind2=" "><subfield code="a">Arabic.</subfield></datafield><datafield tag="561" ind1=" " ind2=" "><subfield code="a">On upper pastedown label with ex libris of James Heyworth-Dunne (d.1974), stamped with inventory numbers, "Ex Libris | J. Heyworth-Dunne | D. Lit. (London) | No. 7927" ; UM Library inscription on p.3 "Dunning | Heyworth-Dunne | 6-13-51 | 71955" ; occasional glosses.</subfield></datafield><datafield tag="600" ind1="0" ind2="0"><subfield code="a">Muḥammad,</subfield><subfield code="c">Prophet,</subfield><subfield code="d">-632</subfield><subfield code="v">Poetry</subfield><subfield code="v">Early works to 1800.</subfield></datafield><datafield tag="650" ind1=" " ind2="0"><subfield code="a">Manuscripts, Arabic</subfield><subfield code="z">Michigan</subfield><subfield code="z">Ann Arbor.</subfield></datafield><datafield tag="650" ind1=" " ind2="0"><subfield code="a">Sufi poetry, Arabic</subfield><subfield code="v">Early works to 1800.</subfield></datafield><datafield tag="650" ind1=" " ind2="0"><subfield code="a">Arabic poetry</subfield><subfield code="y">750-1258.</subfield></datafield><datafield tag="700" ind1="1" ind2=" "><subfield code="a">Heyworth-Dunne, J.</subfield><subfield code="q">(James),</subfield><subfield code="e">former owner.</subfield></datafield><datafield tag="700" ind1="1" ind2="2"><subfield code="6">880-06</subfield><subfield code="a">Būṣīrī, Sharaf al-Dīn Muḥammad ibn Saʻīd,</subfield><subfield code="d">1213?-1296?</subfield><subfield code="t">Burdah.</subfield></datafield><datafield tag="700" ind1="1" ind2="2"><subfield code="6">880-04</subfield><subfield code="a">Ibn al-Fāriḍ, ʻUmar ibn ʻAlī,</subfield><subfield code="d">1181 or 1182-1235.</subfield><subfield code="t">Naẓm al-sulūk.</subfield></datafield><datafield tag="740" ind1="0" ind2="2"><subfield code="a">قصيدة المعروفة بالبردة</subfield></datafield><datafield tag="740" ind1="0" ind2="2"><subfield code="a">تائية الفارضية الكبرى</subfield></datafield><datafield tag="740" ind1="0" ind2="2"><subfield code="6">880-05</subfield><subfield code="a">Tāʼīyah al-kubrá</subfield></datafield><datafield tag="740" ind1="0" ind2="2"><subfield code="a">قطع من ديوان ابن الفارض</subfield></datafield><datafield tag="773" ind1="0" ind2=" "><subfield code="a">Heyworth-Dunne Collection.</subfield></datafield><datafield tag="880" ind1="1" ind2="2"><subfield code="6">700-06/</subfield><subfield code="a">بوصيري, شرف الدين محمد بن سعيد.</subfield><subfield code="t">بردة.</subfield></datafield><datafield tag="880" ind1="0" ind2="2"><subfield code="6">740-05/</subfield><subfield code="a">تائية الكبرى</subfield></datafield><datafield tag="880" ind1="1" ind2="2"><subfield code="6">700-04/</subfield><subfield code="a">ابن الفارص، عمر بن علي.</subfield><subfield code="t">نظم السلوك.</subfield></datafield><datafield tag="880" ind1="1" ind2="0"><subfield code="6">245-03/</subfield><subfield code="a">قطع من ديوان بن الفارض والتائية الكبرى والبردة,</subfield><subfield code="f">[193-م?].</subfield></datafield><datafield tag="880" ind1="1" ind2="0"><subfield code="6">240-02/</subfield><subfield code="a">ديوان.</subfield><subfield code="k">مختارات</subfield></datafield><datafield tag="880" ind1="1" ind2=" "><subfield code="6">100-01/</subfield><subfield code="a">ابن الفارض، عمر بن علي.</subfield></datafield><datafield tag="CID" ind1=" " ind2=" "><subfield code="a">006833618</subfield></datafield><datafield tag="DAT" ind1="0" ind2=" "><subfield code="a">20190719102641.0</subfield><subfield code="b">20190719000000.0</subfield></datafield><datafield tag="DAT" ind1="1" ind2=" "><subfield code="a">20190719090653.0</subfield><subfield code="b">2019-07-19T16:12:15Z</subfield></datafield><datafield tag="DAT" ind1="2" ind2=" "><subfield code="a">2015-10-10T18:00:06Z</subfield></datafield><datafield tag="CAT" ind1=" " ind2=" "><subfield code="a">SDR-MIU</subfield><subfield code="d">EX LIBRIS - ALEPH</subfield><subfield code="l">prepare.pl-004-008</subfield></datafield><datafield tag="FMT" ind1=" " ind2=" "><subfield code="a">BK</subfield></datafield><datafield tag="HOL" ind1=" " ind2=" "><subfield code="0">sdr-miu006833618</subfield><subfield code="a">MiU</subfield><subfield code="b">SDR</subfield><subfield code="c">MIU</subfield><subfield code="p">mdp.39015079131648</subfield><subfield code="s">MIU</subfield><subfield code="1">006833618</subfield></datafield><datafield tag="974" ind1=" " ind2=" "><subfield code="b">MIU</subfield><subfield code="c">MIU</subfield><subfield code="d">20190719</subfield><subfield code="s">lit-dlps-dc</subfield><subfield code="u">mdp.39015079131648</subfield><subfield code="y">1939</subfield><subfield code="r">ic-world</subfield><subfield code="q">man</subfield></datafield></record></collection>